<record><leader>00000cas a2200000 a 4500</leader><controlfield tag="001">24646104</controlfield><controlfield tag="008">911030d19911991kyuwr ne      0   a0eng d</controlfield><datafield ind1=" " ind2=" " tag="010"><subfield code="a">sn 91099403 </subfield></datafield><datafield ind1=" " ind2=" " tag="040"><subfield code="a">KNP</subfield><subfield code="b">eng</subfield><subfield code="c">KNP</subfield><subfield code="d">NSD</subfield><subfield code="d">OCL</subfield><subfield code="d">OCLCQ</subfield><subfield code="d">KYUBL</subfield><subfield code="d">OCLCO</subfield></datafield><datafield ind1="1" ind2=" " tag="029"><subfield code="a">AU@</subfield><subfield code="b">000025878974</subfield></datafield><datafield ind1=" " ind2=" " tag="042"><subfield code="a">msc</subfield></datafield><datafield ind1="0" ind2="4" tag="245"><subfield code="a">The Kenton County recorder and news enterprise.</subfield></datafield><datafield ind1="1" ind2="7" tag="246"><subfield code="a">Kenton County recorder/the news enterprise</subfield></datafield><datafield ind1=" " ind2=" " tag="260"><subfield code="a">Ft. Mitchell, Ky. :</subfield><subfield code="b">Recorder Newspapers,</subfield><subfield code="c">1991-1991.</subfield></datafield><datafield ind1=" " ind2=" " tag="300"><subfield code="a">v. :</subfield><subfield code="b">ill.</subfield></datafield><datafield ind1=" " ind2=" " tag="310"><subfield code="a">Weekly</subfield></datafield><datafield ind1="0" ind2=" " tag="362"><subfield code="a">Vol. 11, no. 32 (Jan. 17, 1991)-v. 12, no. 4 (July 25, 1991).</subfield></datafield><datafield ind1=" " ind2=" " tag="500"><subfield code="a">Jan. 17, 1991 issue also indicates Gene A. Clabes as editor and publisher.</subfield></datafield><datafield ind1=" " ind2=" " tag="515"><subfield code="a">Continues volume numbering of: Kenton County recorder.</subfield></datafield><datafield ind1=" " ind2=" " tag="580"><subfield code="a">Formed by the union of: Kenton County recorder, and: News enterprise (Ludlow, Ky.).</subfield></datafield><datafield ind1=" " ind2="4" tag="651"><subfield code="a">Covington (Ky.)</subfield><subfield code="v">Newspapers.</subfield></datafield><datafield ind1=" " ind2="0" tag="651"><subfield code="a">Erlanger (Ky.)</subfield><subfield code="v">Newspapers.</subfield></datafield><datafield ind1=" " ind2="0" tag="651"><subfield code="a">Ft. Mitchell (Ky.)</subfield><subfield code="v">Newspapers.</subfield></datafield><datafield ind1=" " ind2="0" tag="651"><subfield code="a">Ludlow (Ky.)</subfield><subfield code="v">Newspapers.</subfield></datafield><datafield ind1=" " ind2="0" tag="651"><subfield code="a">Covington (Ky.)</subfield><subfield code="x">Newspapers.</subfield></datafield><datafield ind1=" " ind2="0" tag="651"><subfield code="a">Kenton County (Ky.)</subfield><subfield code="v">Newspapers.</subfield></datafield><datafield ind1=" " ind2=" " tag="752"><subfield code="a">United States</subfield><subfield code="b">Kentucky</subfield><subfield code="c">Kenton</subfield><subfield code="d">Erlanger.</subfield></datafield><datafield ind1=" " ind2=" " tag="752"><subfield code="a">United States</subfield><subfield code="b">Kentucky</subfield><subfield code="c">Kenton</subfield><subfield code="d">Ft. Mitchell.</subfield></datafield><datafield ind1=" " ind2=" " tag="752"><subfield code="a">United States</subfield><subfield code="b">Kentucky</subfield><subfield code="c">Kenton</subfield><subfield code="d">Ludlow.</subfield></datafield><datafield ind1=" " ind2=" " tag="752"><subfield code="a">United States</subfield><subfield code="b">Kentucky</subfield><subfield code="c">Kenton</subfield><subfield code="d">Covington.</subfield></datafield><datafield ind1="1" ind2="4" tag="780"><subfield code="t">Kenton County recorder</subfield><subfield code="w">(DLC)sn 85052198</subfield><subfield code="w">(OCoLC)12852779</subfield></datafield><datafield ind1="1" ind2="4" tag="780"><subfield code="t">News enterprise (Ludlow, Ky.)</subfield><subfield code="w">(DLC)sn 85052188</subfield><subfield code="w">(OCoLC)12779953</subfield></datafield><datafield ind1="0" ind2="0" tag="785"><subfield code="t">Kenton County recorder (Ft. Mitchell, Ky. : 1991)</subfield><subfield code="x">1063-2867</subfield><subfield code="w">(DLC)sn 91099416</subfield><subfield code="w">(OCoLC)24685526</subfield></datafield></record>